@article{beylkin2007grids,
  title={Grids and transforms for band-limited functions in a disk},
  author={Beylkin, Gregory and Kurcz, Christopher and Monz{\'o}n, Lucas},
  journal={Inverse Problems},
  volume={23},
  number={5},
  pages={2059},
  year={2007},
  publisher={IOP Publishing}
}

@article{yuan2024breaking,
  title={Breaking the Degrees-of-Freedom Limit of Holographic MIMO Communications: A 3-D Antenna Array Topology},
  author={Yuan, Shuai SA and Wu, Jie and Xu, Hongjing and Wang, Tengjiao and Li, Da and Chen, Xiaoming and Huang, Chongwen and Sun, Sheng and Zheng, Shilie and Zhang, Xianmin and others},
  journal={IEEE Trans. Veh. Technol.},
  year={2024},
  publisher={IEEE}
}

@inproceedings{simons2007spatiospectral,
  title={A spatiospectral localization approach to estimating potential fields on the surface of a sphere from noisy, incomplete data taken at satellite altitudes},
  author={Simons, Frederik J and Dahlen, FA},
  booktitle={Wavelets XII},
  volume={6701},
  pages={416--430},
  year={2007},
  organization={SPIE}
}

@article{pizzo2022nyquist,
  title={Nyquist sampling and degrees of freedom of electromagnetic fields},
  author={Pizzo, Andrea and de Jesus Torres, Andrea and Sanguinetti, Luca and Marzetta, Thomas L},
  journal={IEEE Trans. Signal Process.},
  volume={70},
  pages={3935--3947},
  year={2022},
month = {Jun.},
  publisher={IEEE}
}

@book{ihara1993information,
  title={Information theory for continuous systems},
  author={Ihara, Shunsuke},
  volume={2},
  year={1993},
  publisher={World Scientific}
}

@article{basar2019wireless,
  title={Wireless communications through reconfigurable intelligent surfaces},
  author={Basar, Ertugrul and Di Renzo, Marco and De Rosny, Julien and Debbah, Merouane and Alouini, Mohamed-Slim and Zhang, Rui},
  journal={IEEE Access},
  volume={7},
  pages={116753--116773},
  year={2019},
  month = {Aug.},
  publisher={IEEE}
}

@article{wang2022location,
  title={Location awareness in beyond {5G} networks via reconfigurable intelligent surfaces},
  author={Wang, Ziyi and Liu, Zhenyu and Shen, Yuan and Conti, Andrea and Win, Moe Z},
  journal={{IEEE} J. Sel. Areas Commun.},
  volume={40},
  number={7},
  pages={2011--2025},
  year={2022},
  month = {Jul.},
  publisher={IEEE}
}

@article{huang2020holographic,
  title={Holographic {MIMO} surfaces for {6G} wireless networks: Opportunities, challenges, and trends},
  author={Huang, Chongwen and Hu, Sha and Alexandropoulos, George C and Zappone, Alessio and Yuen, Chau and Zhang, Rui and Di Renzo, Marco and Debbah, Merouane},
  journal={IEEE Wireless Commun.},
  volume={27},
  number={5},
  pages={118--125},
  year={2020},
  month = {Oct.},
  publisher={IEEE}
}

@article{zhang2023pattern,
  title={Pattern-division multiplexing for multi-user continuous-aperture {MIMO}},
  author={Zhang, Zijian and Dai, Linglong},
  journal={IEEE J. Sel. Areas Commun.},
  year={2023},
  month = {Aug.},
  volume = {41},
  number = {8},
  pages = {2350-2366},
  publisher={IEEE}
}

@article{cui2022near,
  title={Near-field {MIMO} communications for {6G}: Fundamentals, challenges, potentials, and future directions},
  author={Cui, Mingyao and Wu, Zidong and Lu, Yu and Wei, Xiuhong and Dai, Linglong},
  journal={IEEE Comm. Mag.},
  volume={61},
  number={1},
  pages={40--46},
  year={2023},
  month = {Jan.},
  publisher={IEEE}
}

@ARTICLE{wu2023multiple,
  author={Wu, Zidong and Dai, Linglong},
  journal={{IEEE} J. Sel. Areas Commun.}, 
  title={Multiple Access for Near-Field Communications: {SDMA} or {LDMA}?}, 
  year={2023},
  month = {Jun.},
  volume={41},
  number={6},
  pages={1918-1935},
  doi={10.1109/JSAC.2023.3275616}}

@article{chafii2023twelve,
  title={Twelve scientific challenges for {6G}: Rethinking the foundations of communications theory},
  author={Chafii, Marwa and Bariah, Lina and Muhaidat, Sami and Debbah, Merouane},
  journal={IEEE Comm. Surveys Tut.},
  year={2023},
  month = {Feb.},
  publisher={IEEE}
}

@article{migliore2018horse,
  title={Horse (electromagnetics) is more important than horseman (information) for wireless transmission},
  author={Migliore, Marco Donald},
  journal={{IEEE} Trans. Antennas Propag.},
  volume={67},
  number={4},
  pages={2046--2055},
  year={2018},
  month = {Apr.},
  publisher={IEEE}
}

@article{zhu2022electromagnetic,
  title={Electromagnetic Information Theory: Fundamentals, Modeling, Applications, and Open Problems},
  author={Zhu, Jieao and Wan, Zhongzhichao and Dai, Linglong and Debbah, M{\'e}rouane and Poor, H Vincent},
  journal={{IEEE} Wireless Commun.},
  month={early access, Jan.},
  year={2024, doi: 10.1109/MWC.019.2200602}
}

@article{na2024operator,
  title={Operator's Perspective on {6G}: {6G} Services, Vision, and Spectrum},
  author={Na, Minsoo and Lee, Jaehyun and Choi, Giwan and Yu, Takki and Choi, Jeongsik and Lee, Jinyoung and Bahk, Saewoong},
  journal={IEEE Commun. Mag.},
  volume={62},
  number={8},
  pages={178--184},
  year={2024},
month = {Aug.},
  publisher={IEEE}
}

@article{gong2023holographic,
  title={Holographic {MIMO} Communications with Arbitrary Surface Placements: Near-Field {LoS} Channel Model and Capacity Limit},
  author={Gong, Tierui and Wei, Li and Huang, Chongwen and Yang, Zhijia and He, Jiguang and Debbah, M{\'e}rouane and Yuen, Chau},
  journal={IEEE J. Sel. Areas Commun.},
month = {early access, Apr.},
  year={2023, doi: 10.1109/JSAC.2024.3389126}
}

@article{wei2023tri,
  title={Tri-Polarized Holographic {MIMO} Surfaces for Near-Field Communications: Channel Modeling and Precoding Design},
  author={Wei, Li and Huang, Chongwen and Alexandropoulos, George C and Yang, Zhaohui and Yang, Jun and Wei, EI and Zhang, Zhaoyang and Debbah, M{\'e}rouane and Yuen, Chau},
  journal={IEEE Trans. Wireless Commun.},
  year={2023},
month = {Dec.},
pages = {8828-8842},
volume = {22},
number = {12},
  publisher={IEEE}
}

@article{pizzo2023wide,
  title={Wide-Aperture {MIMO} via Reflection off a Smooth Surface},
  author={Pizzo, Andrea and Lozano, Angel and Rangan, Sundeep and Marzetta, Thomas L},
  journal={{IEEE} Trans. Wireless Commun.},
  year={2023},
  month = {Aug.},
  pages = {5229-5239},
  volume = {22},
  number = {8},
  publisher={IEEE}
}

@article{bucci1987spatial,
  title={On the spatial bandwidth of scattered fields},
  author={Bucci, OVIDIOM and Franceschetti, Giorgio},
  journal={{IEEE} Trans. Antennas Propag.},
  volume={35},
  number={12},
  pages={1445--1455},
  year={1987},
  month = {Dec.},
  publisher={IEEE}
}

@article{bucci1989degrees,
  title={On the degrees of freedom of scattered fields},
  author={Bucci, Ovidio M and Franceschetti, Giorgio},
  journal={{IEEE} Trans. Antennas Propag.},
  volume={37},
  number={7},
  pages={918--926},
  year={1989},
  month = {Jul.},
  publisher={IEEE}
}

@article{franceschetti2015landau,
  title={On {Landau’s} eigenvalue theorem and information cut-sets},
  author={Franceschetti, Massimo},
  journal={{IEEE} Trans. Inf. Theory},
  volume={61},
  number={9},
  pages={5042--5051},
  year={2015},
  month = {Sep.},
  publisher={IEEE}
}

@article{jensen2008capacity,
  title={Capacity of the continuous-space electromagnetic channel},
  author={Jensen, Michael A and Wallace, Jon W},
  journal={{IEEE} Trans. Antennas Propag.},
  volume={56},
  number={2},
  pages={524--531},
  year={2008},
  month = {Feb.},
  publisher={IEEE}
}

@article{jeon2017capacity,
  title={Capacity of continuous-space electromagnetic channels with lossy transceivers},
  author={Jeon, Wonseok and Chung, Sae-Young},
  journal={{IEEE} Trans. Inf. Theory},
  volume={64},
  number={3},
  pages={1977--1991},
  year={2018},
  month = {Mar.},
  publisher={IEEE}
}

@article{wan2022mutual,
  title={Mutual information for electromagnetic information theory based on random fields},
  author={Wan, Zhongzhichao and Zhu, Jieao and Zhang, Zijian and Dai, Linglong and Chae, Chan-Byoung},
  journal={{IEEE} Trans. Commun.},
  year={2023},
  month={Feb.},
  pages = {1982--1996},
volume = {71},
number = {4}
}


@article{slepian1976bandwidth,
  title={On bandwidth},
  author={Slepian, David},
  journal={Proc. of the IEEE},
  volume={64},
  number={3},
  pages={292--300},
  year={1976},
  month = {Mar.},
  publisher={IEEE}
}

@book{balanis2015antenna,
  title={Antenna theory: analysis and design},
  author={Balanis, Constantine A},
  year={2015},
  publisher={John wiley \& sons}
}



@article{landau1980eigenvalue,
  title={Eigenvalue distribution of time and frequency limiting},
  author={Landau, Henry J and Widom, Harold},
  journal={Journal of Mathematical Analysis and Applications},
  volume={77},
  number={2},
  pages={469--481},
  year={1980},
  publisher={Academic Press}
}



@article{slepian1961prolate,
  title={Prolate spheroidal wave functions, {Fourier} analysis and uncertainty—{I}},
  author={Slepian, David and Pollak, Henry O},
  journal={Bell System Technical Journal},
  volume={40},
  number={1},
  pages={43--63},
  year={1961},
month = {Jan.},
  publisher={Wiley Online Library}
}

@article{bornemann2010numerical,
  title={On the numerical evaluation of {Fredholm} determinants},
  author={Bornemann, Folkmar},
  journal={Mathematics of Computation},
  volume={79},
  number={270},
  pages={871--915},
  year={2009},
  month={Sep.}
}

@article{poon2005degrees,
  title={Degrees of freedom in multiple-antenna channels: A signal space approach},
  author={Poon, Ada SY and Brodersen, Robert W and Tse, David NC},
  journal={IEEE Trans. Inf. Theory},
  volume={51},
  number={2},
  pages={523--536},
  year={2005},
month = {Feb.},
  publisher={IEEE}
}

@article{pizzo2022fourier,
  title={Fourier plane-wave series expansion for holographic {MIMO} communications},
  author={Pizzo, Andrea and Sanguinetti, Luca and Marzetta, Thomas L},
  journal={IEEE Wireless Commun.},
  volume={21},
  number={9},
  pages={6890--6905},
  year={2022},
month = {Sep.},
  publisher={IEEE}
}

@book{griffiths2005introduction,
  title={Introduction to Electrodynamics},
  author={Griffiths, David J},
  year={2005},
  publisher={American Association of Physics Teachers}
}

@article{gruber2008new,
  title={New aspects of electromagnetic information theory for wireless and antenna systems},
  author={Gruber, Fred K and Marengo, Edwin A},
  journal={{IEEE} Trans. Antennas Propag.},
  volume={56},
  number={11},
  pages={3470--3484},
  year={2008},
  month = {Nov.},
  publisher={IEEE}
}

@article{mercer1909xvi,
  title={Functions of positive and negative type, and their connection with the theory of integral equations},
  author={Mercer, James},
  journal={Philos. Trans. Roy. Soc. London},
  volume={209},
  number={441-458},
  pages={415--446},
  year={1909},
  month ={Jan.},
  publisher={The Royal Society London}
}

@article{bachir2021finitely,
  title={Finitely determined functions},
  author={Bachir, Mohammed and Fabre, Adrien and Tapia-Garcia, Sebastian},
  journal={Advances in Operator Theory},
  volume={6},
  number={2},
  pages={1--24},
  year={2021},
  publisher={Springer}
}

@article{shkolnisky2007prolate,
  title={Prolate spheroidal wave functions on a disc—integration and approximation of two-dimensional bandlimited functions},
  author={Shkolnisky, Yoel},
  journal={Applied and Computational Harmonic Analysis},
  volume={22},
  number={2},
  pages={235--256},
  year={2007},
  publisher={Elsevier}
}

@article{zhang2020ball,
  title={Ball prolate spheroidal wave functions in arbitrary dimensions},
  author={Zhang, Jing and Li, Huiyuan and Wang, Li-Lian and Zhang, Zhimin},
  journal={Applied and Computational Harmonic Analysis},
  volume={48},
  number={2},
  pages={539--569},
  year={2020},
  publisher={Elsevier}
}

@article{simons2006spatiospectral,
  title={Spatiospectral concentration on a sphere},
  author={Simons, Frederik J and Dahlen, FA and Wieczorek, Mark A},
  journal={SIAM review},
  volume={48},
  number={3},
  pages={504--536},
  year={2006},
  publisher={SIAM}
}

@article{bates2016slepian,
  title={Slepian spatial-spectral concentration problem on the sphere: Analytical formulation for limited colatitude--longitude spatial region},
  author={Bates, Alice P and Khalid, Zubair and Kennedy, Rodney A},
  journal={IEEE Trans. Signal Process.},
  volume={65},
  number={6},
  pages={1527--1537},
  year={2017},
month = {Mar.},
  publisher={IEEE}
}

@inproceedings{belkin2018approximation,
  title={Approximation beats concentration? An approximation view on inference with smooth radial kernels},
  author={Belkin, Mikhail},
  booktitle={Conference On Learning Theory},
  pages={1348--1361},
  year={2018},
  organization={PMLR}
}

@inproceedings{reade1983eigen,
  title={Eigen-values of {Lipschitz} kernels},
  author={Reade, JB},
  booktitle={Mathematical Proceedings of the Cambridge Philosophical Society},
  volume={93},
  number={1},
  pages={135--140},
  year={1983},
  organization={Cambridge University Press}
}

@article{allouch2015discrete,
  title={Discrete superconvergent {Nystr{\"o}m} method for integral equations and eigenvalue problems},
  author={Allouch, Chafik and Tahrichi, M},
  journal={Mathematics and Computers in Simulation},
  volume={118},
  pages={17--29},
  year={2015},
  publisher={Elsevier}
}

@book{strichartz2003guide,
  title={A guide to distribution theory and Fourier transforms},
  author={Strichartz, Robert S},
  year={2003},
  publisher={World Scientific Publishing Company}
}

@article{wheeler1997simplified,
  title={Simplified production of {Dirac} delta function identities},
  author={Wheeler, N},
  journal={Reed College},
  year={1997}
}

@article{simons2011spatiospectral,
  title={Spatiospectral concentration in the {Cartesian} plane},
  author={Simons, Frederik J and Wang, Dong V},
  journal={GEM-International Journal on Geomathematics},
  volume={2},
  number={1},
  pages={1--36},
  year={2011},
  publisher={Springer}
}

@article{thomson2005spectrum,
  title={Spectrum estimation and harmonic analysis},
  author={Thomson, David J},
  journal={Proc. IEEE},
  volume={70},
  number={9},
  pages={1055--1096},
  year={2005},
  publisher={IEEE}
}

@article{xiao2001prolate,
  title={Prolate spheroidalwavefunctions, quadrature and interpolation},
  author={Xiao, Hong and Rokhlin, Vladimir and Yarvin, Norman},
  journal={Inverse problems},
  volume={17},
  number={4},
  pages={805},
  year={2001},
  publisher={IOP Publishing}
}

@article{furrer2014position,
  title={Position-momentum uncertainty relations in the presence of quantum memory},
  author={Furrer, Fabian and Berta, Mario and Tomamichel, Marco and Scholz, Volkher B and Christandl, Matthias},
  journal={Journal of Mathematical Physics},
  volume={55},
  number={12},
  year={2014},
  publisher={AIP Publishing}
}

@book{cover1999elements,
  title={Elements of information theory},
  author={Cover, Thomas M},
  year={1999},
  publisher={John Wiley \& Sons}
}

@article{slepian1964prolate,
  title={Prolate spheroidal wave functions, {Fourier} analysis and uncertainty—{IV}: extensions to many dimensions; generalized prolate spheroidal functions},
  author={Slepian, David},
  journal={Bell System Technical Journal},
  volume={43},
  number={6},
  pages={3009--3057},
  year={1964},
  publisher={Wiley Online Library}
}

@INPROCEEDINGS{zhujieao22ISIT,
  author={Zhu, Jieao and Zhang, Zijian and Wan, Zhongzhichao and Dai, Linglong},
  booktitle={Proc. 2022 IEEE International Symposium on Information Theory (ISIT)}, 
  title={On Finite-Time Mutual Information}, 
  year={2022},
  volume={},
  number={},
  pages={2910-2915}}